@misc{nibib_sensores,
	author = {National Institute of Biomedical Imaging and Bioengineering},
	title = {Sensores},
	year = {2024},
	url = {https://www.nibib.nih.gov/espanol/temas-cientificos/sensores},
	note = {Accedido el 13 de febrero de 2025}
}

@misc{directindustry_sensor,
	author = {Senga},
	title = {Sensor de DirectIndustry},
	year = {2024},
	url = {https://www.directindustry.es/prod/senga/product-132572-2397272.html},
	note = {Accedido el 13 de febrero de 2025}
}

@misc{piezoelectric_switch,
	author = {BJ Ultrasonic},
	title = {How does a piezoelectric switch work?},
	year = {2024},
	url = {https://www.bjultrasonic.com/es/how-does-piezoelectric-switch-work/},
	note = {Accedido el 13 de febrero de 2025}
}

@misc{glorious_lynx,
	author = {Glorious Gaming},
	title = {Lynx HE Switches},
	year = {2024},
	url = {https://www.gloriousgaming.com/products/lynx-he-switches},
	note = {Accedido el 13 de febrero de 2025}
}

@article{pmc_gyroscope,
	author = {National Center for Biotechnology Information},
	title = {Gyroscope Research},
	journal = {PMC},
	year = {2024},
	url = {https://pmc.ncbi.nlm.nih.gov/articles/PMC5677445/},
	note = {Accedido el 15 de febrero de 2025}
}

@misc{advanced_gyroscope,
	author = {Advanced Navigation},
	title = {Gyroscope Glossary},
	year = {2024},
	url = {https://www.advancednavigation.com/glossary/gyroscope/},
	note = {Accedido el 15 de febrero de 2025}
}

@misc{te_vibration,
	author = {TE Connectivity},
	title = {Vibration Sensors},
	year = {2024},
	url = {https://www.te.com/en/products/sensors/vibration-sensors.html},
	note = {Accedido el 13 de febrero de 2025}
}

@misc{omega_accelerometer,
	author = {Omega},
	title = {ACC320 Accelerometer},
	year = {2024},
	url = {https://mx.omega.com/pptst/ACC320.html},
	note = {Accedido el 15 de febrero de 2025}
}

@misc{av3_magnetometer,
	author = {AV3 Aerovisual},
	title = {Tipos de magnetómetros: Usos y características},
	year = {2024},
	url = {https://av3aerovisual.com/tipos-de-magnetometros-usos-y-caracteristicas/},
	note = {Accedido el 15 de febrero de 2025}
}

@misc{noaa_magnetometer,
	author = {NOAA},
	title = {Magnetometer Technology},
	year = {2024},
	url = {https://oceanexplorer.noaa.gov/technology/magnetometer/magnetometer.html},
	note = {Accedido el 13 de febrero de 2025}
}

@misc{ibm_lidar,
	author = {IBM},
	title = {Tecnología LiDAR},
	year = {2024},
	url = {https://www.ibm.com/mx-es/topics/lidar},
	note = {Accedido el 15 de febrero de 2025}
}

@misc{gdi_magnetometer,
	author = {GDI Detectors},
	title = {Magnasmart 3D Magnetometer Hi Power},
	year = {2024},
	url = {https://gdi-detectors.com/magnasmart-3d-magnetometer-hi-power/},
	note = {Accedido el 15 de febrero de 2025}
}

@misc{flyability_lidar,
	author = {Flyability},
	title = {LiDAR en drones},
	year = {2024},
	url = {https://www.flyability.com/blog/lidar-drone},
	note = {Accedido el 13 de febrero de 2025}
}

@misc{urany_hall,
	author = {Urany},
	title = {Principios básicos del sensor de efecto Hall},
	year = {2024},
	note = {Accedido el 17 de febrero de 2025}
}

@misc{senstar_microwave,
	author = {Senstar},
	title = {Sensores de microondas},
	year = {2024},
	url = {https://senstar.com/es/senstarpedia/sensores-de-microondas},
	note = {Accedido el 17 de febrero de 2025}
}

@misc{vayuyaan_ultrasonic,
	author = {Vayuyaan},
	title = {Ultrasonic Sensor in Robotics},
	year = {2024},
	url = {https://vayuyaan.com/blog/ultrasonic-sensor-in-robotics/},
	note = {Accedido el 17 de febrero de 2025}
}

@misc{mesurex_distance,
	author = {Mesurex},
	title = {Mediciones de distancia en robots},
	year = {2024},
	url = {https://mesurex.com/mediciones-de-distancia-en-tareas-de-posicionamiento-de-robots/},
	note = {Accedido el 17 de febrero de 2025}
}

@misc{oem_laser,
	author = {OEM Laser},
	title = {Application of lasers in robots},
	year = {2024},
	url = {http://m.oem-laser.com/info/application-of-lasers-in-robots-91101752.html},
	note = {Accedido el 15 de febrero de 2025}
}

@misc{sensopart_vision,
	author = {SensoPart},
	title = {Sensores de visión en robótica},
	year = {2024},
	url = {https://info.sensopart.com/es/robotics/qanda},
	note = {Accedido el 15 de febrero de 2025}
}

@book{intro_robotica,
	author = {Subir Kumar Saha},
	title = {Introducción a la robótica},
	publisher = {McGraw Hill},
	year = {2011}
}

@book{fundamentos_robotica,
	author = {Antonio Barrientos, Luis Felipe Peñín, Carlos Balaguer, Rafael Aracil},
	title = {Fundamentos de la robótica},
	edition = {Segunda edición},
	publisher = {McGraw Hill},
	year = {2007}
}

